@article{shih2021hyperspns,
  title   = {Hyperspns: Compact and expressive probabilistic circuits},
  author  = {Shih, Andy and Sadigh, Dorsa and Ermon, Stefano},
  journal = {Advances in Neural Information Processing Systems},
  year    = {2021}
}


@article{papamakarios2017masked,
  title   = {Masked autoregressive flow for density estimation},
  author  = {Papamakarios, George and Pavlakou, Theo and Murray, Iain},
  journal = {Advances in neural information processing systems},
  year    = {2017}
}

@inproceedings{van2015locally,
  title     = {Locally-connected transformations for deep gmms},
  author    = {van den Oord, A{\"a}ron and Dambre, Joni},
  booktitle = {Deep learning Workshop at International Conference on Machine Learning},
  year      = {2015}
}

@inproceedings{theis2016note,
  title     = {A note on the evaluation of generative models},
  author    = {Theis, L and van den Oord, A and Bethge, M},
  booktitle = {International Conference on Learning Representations},
  year      = {2016}
}

@inproceedings{vergari2021compositional,
  title     = {A compositional atlas of tractable circuit operations for probabilistic inference},
  author    = {Vergari, Antonio and Choi, YooJung and Liu, Anji and Teso, Stefano and Van den Broeck, Guy},
  booktitle = {Advances in Neural Information Processing Systems},
  year      = {2021}
}

@inproceedings{liu2021tractable,
  title     = {Tractable regularization of probabilistic circuits},
  author    = {Liu, Anji and Van den Broeck, Guy},
  booktitle = {Advances in Neural Information Processing Systems},
  year      = {2021}
}

@inproceedings{dang2022sparse,
  title     = {Sparse probabilistic circuits via pruning and growing},
  author    = {Dang, Meihua and Liu, Anji and Van den Broeck, Guy},
  booktitle = {Advances in Neural Information Processing Systems},
  year      = {2022}
}

@inproceedings{kingma2019bit,
  title     = {Bit-swap: Recursive bits-back coding for lossless compression with hierarchical latent variables},
  author    = {Kingma, Friso and Abbeel, Pieter and Ho, Jonathan},
  booktitle = {International Conference on Machine Learning},
  year      = {2019}
}

@inproceedings{hoogeboom2019integer,
  title     = {Integer discrete flows and lossless compression},
  author    = {Hoogeboom, Emiel and Peters, Jorn and Van Den Berg, Rianne and Welling, Max},
  booktitle = {Advances in Neural Information Processing Systems},
  year      = {2019}
}

@inproceedings{peharz2019random,
  title     = {Random sum-product networks: A simple and effective approach to probabilistic deep learning},
  author    = {Peharz, Robert and Vergari, Antonio and Stelzner, Karl and Molina, Alejandro and Shao, Xiaoting and Trapp, Martin and Kersting, Kristian and Ghahramani, Zoubin},
  booktitle = {Uncertainty in Artificial Intelligence},
  year      = {2019}
}

@inproceedings{correia2023continuous,
  title     = {Continuous mixtures of tractable probabilistic models},
  author    = {Correia, Alvaro HC and Gala, Gennaro and Quaeghebeur, Erik and de Campos, Cassio and Peharz, Robert},
  booktitle = {AAAI Conference on Artificial Intelligence},
  year      = {2023}
}

@inproceedings{peharz2020einsum,
  title     = {Einsum networks: Fast and scalable learning of tractable probabilistic circuits},
  author    = {Peharz, Robert and Lang, Steven and Vergari, Antonio and Stelzner, Karl and Molina, Alejandro and Trapp, Martin and Van den Broeck, Guy and Kersting, Kristian and Ghahramani, Zoubin},
  booktitle = {International Conference on Machine Learning},
  year      = {2020}
}

@inproceedings{vergari2015simplifying,
  title     = {Simplifying, regularizing and strengthening sum-product network structure learning},
  author    = {Vergari, Antonio and Di Mauro, Nicola and Esposito, Floriana},
  booktitle = {European Conference on Machine Learning and Knowledge Discovery in Databases},
  year      = {2015}
}

@article{deng2012mnist,
  title     = {The mnist database of handwritten digit images for machine learning research},
  author    = {Deng, Li},
  journal   = {IEEE signal processing magazine},
  year      = {2012},
  publisher = {IEEE}
}

@article{xiao2017fashion,
  title   = {Fashion-mnist: a novel image dataset for benchmarking machine learning algorithms},
  author  = {Xiao, Han and Rasul, Kashif and Vollgraf, Roland},
  journal = {arXiv preprint arXiv:1708.07747},
  year    = {2017}
}

@inproceedings{cohen2017emnist,
  title     = {EMNIST: Extending MNIST to handwritten letters},
  author    = {Cohen, Gregory and Afshar, Saeed and Tapson, Jonathan and Van Schaik, Andre},
  booktitle = {2017 international joint conference on neural networks},
  year      = {2017}
}

@inproceedings{poon2011sum,
  title        = {Sum-product networks: A new deep architecture},
  author       = {Poon, Hoifung and Domingos, Pedro},
  booktitle    = {2011 IEEE International Conference on Computer Vision Workshops},
  year         = {2011},
  organization = {IEEE}
}


@inproceedings{peharz2015theoretical,
  title     = {On theoretical properties of sum-product networks},
  author    = {Peharz, Robert and Tschiatschek, Sebastian and Pernkopf, Franz and Domingos, Pedro},
  booktitle = {Artificial Intelligence and Statistics},
  year      = {2015}
}

@article{kimmig2017algebraic,
  title     = {Algebraic model counting},
  author    = {Kimmig, Angelika and Van den Broeck, Guy and De Raedt, Luc},
  journal   = {Journal of Applied Logic},
  volume    = {22},
  pages     = {46--62},
  year      = {2017},
  publisher = {Elsevier}
}

@article{zhao2016unified,
  title   = {A unified approach for learning the parameters of sum-product networks},
  author  = {Zhao, Han and Poupart, Pascal and Gordon, Geoffrey J},
  journal = {Advances in neural information processing systems},
  year    = {2016}
}

@article{darwiche2003differential,
  title     = {A differential approach to inference in Bayesian networks},
  author    = {Darwiche, Adnan},
  journal   = {Journal of the ACM},
  volume    = {50},
  number    = {3},
  pages     = {280--305},
  year      = {2003},
  publisher = {ACM New York, NY, USA}
}

@inproceedings{dang2021juice,
  title     = {Juice: A julia package for logic and probabilistic circuits},
  author    = {Dang, Meihua and Khosravi, Pasha and Liang, Yitao and Vergari, Antonio and Van den Broeck, Guy},
  booktitle = {AAAI Conference on Artificial Intelligence},
  year      = {2021}
}

@article{darwiche2001decomposable,
  title     = {Decomposable negation normal form},
  author    = {Darwiche, Adnan},
  journal   = {Journal of the ACM (JACM)},
  volume    = {48},
  number    = {4},
  pages     = {608--647},
  year      = {2001},
  publisher = {ACM New York, NY, USA}
}

@article{martens2014expressive,
  title   = {On the expressive efficiency of sum product networks},
  author  = {Martens, James and Medabalimi, Venkatesh},
  journal = {arXiv preprint arXiv:1411.7717},
  year    = {2014}
}

@inproceedings{sharir2018sum,
  title     = {Sum-product-quotient networks},
  author    = {Sharir, Or and Shashua, Amnon},
  booktitle = {International Conference on Artificial Intelligence and Statistics},
  year      = {2018}
}

@inproceedings{zhang2021probabilistic,
  title     = {Probabilistic generating circuits},
  author    = {Zhang, Honghua and Juba, Brendan and Van den Broeck, Guy},
  booktitle = {International Conference on Machine Learning},
  year      = {2021}
}

@article{delalleau2011shallow,
  title   = {Shallow vs. deep sum-product networks},
  author  = {Delalleau, Olivier and Bengio, Yoshua},
  journal = {Advances in neural information processing systems},
  volume  = {24},
  year    = {2011}
}

@article{kileel2019expressive,
  title   = {On the expressive power of deep polynomial neural networks},
  author  = {Kileel, Joe and Trager, Matthew and Bruna, Joan},
  journal = {Advances in neural information processing systems},
  volume  = {32},
  year    = {2019}
}

@inproceedings{zhao2015relationship,
  title     = {On the relationship between sum-product networks and Bayesian networks},
  author    = {Zhao, Han and Melibari, Mazen and Poupart, Pascal},
  booktitle = {International Conference on Machine Learning},
  year      = {2015}
}

@inproceedings{lang2022elevating,
  title        = {Elevating perceptual sample quality in PCs through differentiable sampling},
  author       = {Lang, Steven and Mundt, Martin and Ventola, Fabrizio and Peharz, Robert and Kersting, Kristian},
  booktitle    = {NeurIPS 2021 workshop on pre-registration in machine learning},
  year         = {2022},
  organization = {PMLR}
}


@article{shao2022conditional,
  title     = {Conditional sum-product networks: Modular probabilistic circuits via gate functions},
  author    = {Shao, Xiaoting and Molina, Alejandro and Vergari, Antonio and Stelzner, Karl and Peharz, Robert and Liebig, Thomas and Kersting, Kristian},
  journal   = {International Journal of Approximate Reasoning},
  volume    = {140},
  pages     = {298--313},
  year      = {2022},
  publisher = {Elsevier}
}


@inproceedings{di2021random,
  title     = {Random probabilistic circuits},
  author    = {Di Mauro, Nicola and Gala, Gennaro and Iannotta, Marco and Basile, Teresa MA},
  booktitle = {Uncertainty in Artificial Intelligence},
  year      = {2021}
}

@inproceedings{darwiche2011sdd,
  title     = {SDD: A new canonical representation of propositional knowledge bases},
  author    = {Darwiche, Adnan},
  booktitle = {Twenty-Second International Joint Conference on Artificial Intelligence},
  year      = {2011}
}

@inproceedings{kisa2014probabilistic,
  title     = {Probabilistic sentential decision diagrams},
  author    = {Kisa, Doga and Van den Broeck, Guy and Choi, Arthur and Darwiche, Adnan},
  booktitle = {Fourteenth International Conference on the Principles of Knowledge Representation and Reasoning},
  year      = {2014}
}

@inproceedings{sharir2018expressive,
  title     = {On the Expressive Power of Overlapping Architectures of Deep Learning},
  author    = {Sharir, Or and Shashua, Amnon},
  booktitle = {International Conference on Learning Representations},
  year      = {2018}
}


@article{hanson1990stochastic,
  title     = {A stochastic version of the delta rule},
  author    = {Hanson, Stephen Jos{\'e}},
  journal   = {Physica D: Nonlinear Phenomena},
  volume    = {42},
  number    = {1-3},
  pages     = {265--272},
  year      = {1990},
  publisher = {Elsevier}
}


@article{kingma2014adam,
  title   = {Adam: A method for stochastic optimization},
  author  = {Kingma, Diederik P and Ba, Jimmy},
  journal = {arXiv preprint arXiv:1412.6980},
  year    = {2014}
}

@inproceedings{uria2014deep,
  title     = {A deep and tractable density estimator},
  author    = {Uria, Benigno and Murray, Iain and Larochelle, Hugo},
  booktitle = {International Conference on Machine Learning},
  year      = {2014}
}

@article{shih2022training,
  title   = {Training and Inference on Any-Order Autoregressive Models the Right Way},
  author  = {Shih, Andy and Sadigh, Dorsa and Ermon, Stefano},
  journal = {Advances in Neural Information Processing Systems},
  year    = {2022}
}

@inproceedings{liu2022lossless,
  title     = {Lossless Compression with Probabilistic Circuits},
  author    = {Liu, Anji and Mandt, Stephan and Van den Broeck, Guy},
  booktitle = {International Conference on Learning Representations},
  year      = {2022}
}

@article{van2016conditional,
  title   = {Conditional image generation with pixelcnn decoders},
  author  = {Van den Oord, Aaron and Kalchbrenner, Nal and Espeholt, Lasse and Vinyals, Oriol and Graves, Alex and others},
  journal = {Advances in neural information processing systems},
  volume  = {29},
  year    = {2016}
}

@inproceedings{liang2019learning,
  title     = {Learning logistic circuits},
  author    = {Liang, Yitao and Van den Broeck, Guy},
  booktitle = {AAAI Conference on Artificial Intelligence},
  year      = {2019}
}

@article{loshchilov2018fixing,
  title  = {Fixing weight decay regularization in adam},
  author = {Loshchilov, Ilya and Hutter, Frank},
  year   = {2018}
}

@inproceedings{salimans2017pixelcnn,
  title     = {PixelCNN++: Improving the PixelCNN with Discretized Logistic Mixture Likelihood and Other Modifications},
  author    = {Salimans, {Tim} and { et al.} },
  booktitle = {ICLR},
  year      = {2017}
}

@inproceedings{xu2018semantic,
  title        = {A semantic loss function for deep learning with symbolic knowledge},
  author       = {Xu, Jingyi and Zhang, Zilu and Friedman, Tal and Liang, Yitao and Broeck, Guy},
  booktitle    = {International conference on machine learning},
  pages        = {5502--5511},
  year         = {2018},
  organization = {PMLR}
}
