@article{badreddine2022logic,
  title={Logic tensor networks},
  author={Badreddine, Samy and Garcez, Artur d'Avila and Serafini, Luciano and Spranger, Michael},
  journal={Artificial Intelligence},
  year={2022},
  publisher={Elsevier},
  volume={303},
  pages={103649},
}




@inproceedings{desmet2023neural,
  title     = {Neural Probabilistic Logic Programming in Discrete-Continuous Domains},
  author    = {De Smet, Lennert and Zuidberg Dos Martires, Pedro and Manhaeve, Robin and Marra, Giuseppe and Kimmig, Angelika and De Raedt, Luc},
  year      = {2023},
  booktitle = {Uncertainty in Artificial Intelligence Conference (UAI)}
}



@inproceedings{heunen2017convenient,
  title        = {A convenient category for higher-order probability theory},
  author       = {Heunen, Chris and Kammar, Ohad and Staton, Sam and Yang, Hongseok},
  booktitle    = {Annual ACM/IEEE Symposium on Logic in Computer Science (LICS)},
  year         = {2017},
}


@book{lloyd2012foundations,
  title     = {Foundations of logic programming},
  author    = {Lloyd, John W},
  year      = {2012},
  publisher = {Springer Science \& Business Media}
}


@article{marra2024statistical,
  title={From statistical relational to neurosymbolic artificial intelligence: A survey},
  author={Marra, Giuseppe and Duman{\v{c}}i{\'c}, Sebastijan and Manhaeve, Robin and De Raedt, Luc},
  journal={Artificial Intelligence},
  pages={104062},
  year={2024},
  publisher={Elsevier}
}


@inproceedings{saad2021sppl,
  title     = {SPPL: Probabilistic Programming with Fast Exact Symbolic Inference},
  author    = {Saad, Feras A and Rinard, Martin C and Mansinghka, Vikash K},
  booktitle = {Conference on Programming Language Design and Implementation},
  year      = {2021}
}

@inproceedings{sato1995statistical,
  title        = {A statistical learning method for logic programs with distribution semantics},
  author       = {Sato, Taisuke},
  booktitle    = {International Conference On Logic Programming},
  year         = {1995},
}

@inproceedings{sato1997prism,
  title     = {PRISM: a language for symbolic-statistical modeling},
  author    = {Sato, Taisuke and Kameya, Yoshitaka},
  booktitle = {International Joint Conference on Artificial Intelligence},
  year      = {1997}
}

@inproceedings{Schrijvers2008TowardsTP,
  title     = {Towards Typed Prolog},
  author    = {Tom Schrijvers and V{\'i}tor Santos Costa and Jan Wielemaker and Bart Demoen},
  booktitle = {International Conference on Logic Programming},
  year      = {2008}
}

@inproceedings{shan2017exact,
  title        = {Exact {B}ayesian inference by symbolic disintegration},
  author       = {Shan, Chung-chieh and Ramsey, Norman},
  booktitle    = {ACM SIGPLAN Notices},
  year         = {2017},
}

@inproceedings{speichert2019learning,
  title     = {Learning Probabilistic Logic Programs over Continuous Data},
  author    = {Speichert, Stefanie and Belle, Vaishak},
  booktitle = {International Conference on Inductive Logic Programming},
  year      = {2019}
}

@article{valiant1979complexity,
  title     = {{The complexity of computing the permanent}},
  author    = {Valiant, Leslie G},
  journal   = {Theoretical Computer Science},
  year      = {1979},
  volume={8},
  pages={189-201},
  publisher = {Elsevier}
}


@article{van1991well,
  title     = {The well-founded semantics for general logic programs},
  author    = {Van Gelder, Allen and Ross, Kenneth A and Schlipf, John S},
  journal   = {Journal of the ACM},
  volume    = {38},
  number    = {3},
  pages     = {619--649},
  year      = {1991},
  publisher = {ACM New York, NY, USA}
}

@inproceedings{vennekens2004logic,
  title        = {Logic programs with annotated disjunctions},
  author       = {Vennekens, Joost and Verbaeten, Sofie and Bruynooghe, Maurice},
  booktitle    = {International Conference on Logic Programming},
  year         = {2004},
}

@inproceedings{staton2016semantics,
  title        = {Semantics for probabilistic programming: higher-order functions, continuous distributions, and soft constraints},
  author       = {Staton, Sam and Wood, Frank and Yang, Hongseok and Heunen, Chris and Kammar, Ohad},
  booktitle    = {Annual ACM/IEEE Symposium on Logic in Computer Science (LICS)},
  year         = {2016},
}

@inproceedings{vlasselaer2014compiling,
  title     = {Compiling probabilistic logic programs into sentential decision diagrams},
  author    = {Vlasselaer, Jonas and Renkens, Joris and Van den Broeck, Guy and De Raedt, Luc},
  booktitle = {Workshop on Probabilistic Logic Programming (PLP)},
  year      = {2014}
}

@inproceedings{wood2014approach,
  author    = {Wood, Frank and van de Meent, Jan Willem and Mansinghka, Vikash},
  booktitle = {International conference on Artificial Intelligence and Statistics},
  title     = {A New Approach to Probabilistic Programming Inference},
  year      = {2014}
}

@inproceedings{wu2018discrete,
  title     = {Discrete-Continuous Mixtures in Probabilistic Programming: Generalized Semantics and Inference Algorithms},
  author    = {Wu, Yi and Srivastava, Siddharth and Hay, Nicholas and Du, Simon and Russell, Stuart},
  booktitle = {International Conference on Machine Learning},
  year      = {2018}
}

@inproceedings{zeng2019efficient,
  title        = {Efficient search-based weighted model integration},
  author       = {Zeng, Zhe and Van den Broeck, Guy},
  booktitle    = {Uncertainty in Artificial Intelligence},
  year         = {2020},
}

@article{zuidberg2018knowledge,
  title   = {Knowledge Compilation with Continuous Random Variables and its Application in Hybrid Probabilistic Logic Programming},
  author  = {Zuidberg Dos Martires, Pedro and Dries, Anton and De Raedt, Luc},
  journal = {arXiv preprint arXiv:1807.00614},
  year    = {2018}
}

@inproceedings{zuidbergdosmartires2019transforming,
  title     = {Transforming Probabilistic Programs into Algebraic Circuits for Inference and Learning},
  author    = {Zuidberg Dos Martires, Pedro and Derkinderen, Vincent and Manhaeve, Robin and Meert, Wannes and Kimmig, Angelika and De Raedt, Luc},
  booktitle = {Transformations for Machine Learning Workshop},
  year      = {2019}
}

@inproceedings{zuidbergdosmartires2019exact,
  title     = {Exact and Approximate Weighted Model Integration with Probability Density Functions Using Knowledge Compilation},
  author    = {Zuidberg Dos Martires, Pedro and Dries, Anton and De Raedt, Luc},
  booktitle = {AAAI Conference on Artificial Intelligence},
  year      = {2019}
}


@article{obermeyer2019functional,
  title   = {Functional Tensors for Probabilistic Programming},
  author  = {Obermeyer, Fritz and Bingham, Eli and Jankowiak, Martin and Phan, Du and Chen, Jonathan},
  year    = {2019},
  journal = {arXiv:1910.10775}
}

@inproceedings{ge2018turing,
  title     = {Turing: A Language for Flexible Probabilistic Inference},
  author    = {Ge, Hong and Xu, Kai and Ghahramani, Zoubin},
  booktitle = {International Conference on Artificial Intelligence and Statistics},
  year      = {2018}
}

@article{bingham2019pyro,
  author  = {Eli Bingham and
             Jonathan P. Chen and
             Martin Jankowiak and
             Fritz Obermeyer and
             Neeraj Pradhan and
             Theofanis Karaletsos and
             Rohit Singh and
             Paul A. Szerlip and
             Paul Horsfall and
             Noah D. Goodman},
  title   = {Pyro: Deep Universal Probabilistic Programming},
  journal = {Journal on Machine Learning Research},
  volume  = {20},
  pages   = {28:1--28:6},
  year    = {2019},
}

@article{garcez2019neural,
  title={Neural-symbolic computing: An effective methodology for principled integration of machine learning and reasoning},
  author={Garcez, Artur d'Avila and Gori, Marco and Lamb, Luis C and Serafini, Luciano and Spranger, Michael and Tran, Son N},
  journal={arXiv preprint arXiv:1905.06088},
  year={2019}
}


@article{carpenter2017stan,
  title     = {Stan: A probabilistic programming language},
  author    = {Carpenter, Bob and Gelman, Andrew and Hoffman, Matthew D and Lee, Daniel and Goodrich, Ben and Betancourt, Michael and Brubaker, Marcus and Guo, Jiqiang and Li, Peter and Riddell, Allen},
  journal   = {Journal of statistical software},
  volume    = {76},
  number    = {1},
  year      = {2017},
  publisher = {Foundation for Open Access Statistics}
}

@article{salvatier2016probabilistic,
  title     = {Probabilistic programming in Python using PyMC3},
  author    = {Salvatier, John and Wiecki, Thomas V and Fonnesbeck, Christopher},
  journal   = {PeerJ Computer Science},
  volume    = {2},
  pages     = {e55},
  year      = {2016},
  publisher = {PeerJ Inc.}
}

@inproceedings{kimmig2011algebraic,
  title     = {An algebraic Prolog for reasoning about possible worlds},
  author    = {Kimmig, Angelika and Van den Broeck, Guy and De Raedt, Luc},
  booktitle = {AAAI Conference on Artificial Intelligence},
  year      = {2011}
}

@inproceedings{milch2006general,
  title     = {General-Purpose MCMC inference over relational structures},
  author    = {Milch, Brian and Russell, Stuart},
  booktitle = {Uncertainty in Artificial Intelligence},
  year      = {2006}
}


@inproceedings{azzolini:iclp21,
  author    = {Damiano Azzolini and
               Fabrizio Riguzzi},
  title     = {Syntactic Requirements for Well-defined Hybrid Probabilistic Logic
               Programs},
  booktitle = {Technical communications of International Conference on Logic Programming},
  year      = {2021}
}


@article{michels2015new,
  title     = {A new probabilistic constraint logic programming language based on a generalised distribution semantics},
  author    = {Michels, Steffen and Hommersom, Arjen and Lucas, Peter JF and Velikova, Marina},
  journal   = {Artificial Intelligence},
  volume    = {228},
  pages     = {1--44},
  year      = {2015},
  publisher = {Elsevier}
}

@inproceedings{gehr2016psi,
  title        = {{PSI}: Exact symbolic inference for probabilistic programs},
  author       = {Gehr, Timon and Misailovic, Sasa and Vechev, Martin},
  booktitle    = {International Conference on Computer Aided Verification},
  year         = {2016},
}

@inproceedings{kolb2019exploit,
  title        = {How to Exploit Structure while Solving Weighted Model Integration Problems},
  author       = {Kolb, Samuel and Zuidberg Dos Martires, Pedro and De Raedt, Luc},
  booktitle    = {Uncertainty in Artificial Intelligence},
  year         = {2019},
}



@inproceedings{holtzen2020dice,
  title={Scaling exact inference for discrete probabilistic programs},
  author={Steven Holtzen and Guy Van den Broeck and Todd D. Millstein},
  booktitle={ACM on Programming Languages},
  year={2020},
}

@inproceedings{milch2005blog,
  title     = {BLOG: Probabilistic models with unknown objects},
  author    = {Milch, Brian and Marthi, Bhaskara and Russell, Stuart and Sontag, David and Ong, Daniel L and Kolobov, Andrey},
  booktitle = {International Joint Conference on Artificial Intelligence},
  year      = {2005}
}

@inproceedings{kimmig2017probabilistic,
  title     = {Probabilistic logic programs: Unifying program trace and possible world semantics},
  author    = {Kimmig, Angelika and De Raedt, Luc},
  booktitle = {Workshop on probabilistic programming semantics},
  year      = {2017}
}


@article{darwiche2002knowledge,
  title   = {A knowledge compilation map},
  author  = {Darwiche, Adnan and Marquis, Pierre},
  journal = {Journal of Artificial Intelligence Research},
  volume  = {17},
  pages   = {229--264},
  year    = {2002},
  publisher = {AAAI Press}
}

@article{darwiche2001tractable,
  title     = {On the tractable counting of theory models  application to truth maintenance and belief revision},
  author    = {Darwiche, Adnan},
  journal   = {Journal of Applied Non-Classical Logics},
  year      = {2001},
  publisher = {Taylor \& Francis},
  volume={11},
  pages={11 - 34}
}



@book{bellman1957dynamic,
  author    = {Richard Bellman},
  title     = {Dynamic Programming},
  publisher = {Princeton University Press},
  year      = {1957}
}

@article{casella1998post,
  title     = {Post-processing accept-reject samples: recycling and rescaling},
  author    = {Casella, George and Robert, Christian P},
  journal   = {Journal of Computational and Graphical Statistics},
  volume    = {7},
  number    = {2},
  pages     = {139--157},
  year      = {1998},
  publisher = {Taylor \& Francis}
}

@article{kloek1978bayesian,
  title     = {Bayesian estimates of equation system parameters: an application of integration by Monte Carlo},
  author    = {Kloek, Tuen and Van Dijk, Herman K},
  journal   = {Econometrica: Journal of the Econometric Society},
  pages     = {1--19},
  year      = {1978},
  publisher = {JSTOR}
}

@article{kahn1950random,
  title   = {Random sampling (Monte Carlo) techniques in neutron attenuation problems. I},
  author  = {Kahn, Herman},
  journal = {Nucleonics},
  volume  = {6},
  number  = {See also NSA 3-990},
  year    = {1950}
}

@inproceedings{milch2005approximate,
  title        = {Approximate inference for infinite contingent Bayesian networks},
  author       = {Milch, Brian and Marthi, Bhaskara and Sontag, David and Russell, Stuart and Ong, Daniel L and Kolobov, Andrey},
  booktitle    = {International Workshop on Artificial Intelligence and Statistics},
  year         = {2005}
}

@article{fung1990weighing,
  title     = {Weighing and integrating evidence for stochastic simulation in Bayesian networks},
  author    = {Fung, Robert and Chang, Kuo-Chu},
  journal   = {Machine Intelligence and Pattern Recognition},
  volume    = {10},
  pages     = {209--219},
  year      = {1990},
  publisher = {Elsevier}
}

@inproceedings{harviainen2023inference,
  title={On inference and learning with probabilistic generating circuits},
  author={Harviainen, Juha and Ramaswamy, Vaidyanathan Peruvemba and Koivisto, Mikko},
  booktitle={Uncertainty in Artificial Intelligence},
  year={2023},
}

@inproceedings{marinescu2019counting,
  title={Counting the optimal solutions in graphical models},
  author={Marinescu, Radu and Dechter, Rina},
  booktitle={Advances in Neural Information Processing Systems},
  year={2019}
}



@inproceedings{iverson1962programming,
  title     = {A programming language},
  author    = {Iverson, Kenneth E},
  booktitle = {Spring joint computer conference},
  year      = {1962}
}


@book{zuidberg2020atoms,
  title     = {From Atoms to Possible Worlds: Probabilistic Inference in the Discrete-Continuous Domain},
  author    = {Zuidberg Dos Martires, Pedro},
  publisher = {KU Leuven},
  year      = {2020}
}

@inproceedings{mantadelis2010dedicated,
  title     = {Dedicated tabling for a probabilistic setting},
  author    = {Mantadelis, Theofrastos and Janssens, Gerda},
  booktitle = {Technical Communications of the 26th International Conference on Logic Programming},
  year      = {2010}
}


@article{kimmig2017algebraic,
  title={Algebraic model counting},
  author={Kimmig, Angelika and Van den Broeck, Guy and De Raedt, Luc},
  journal={Journal of Applied Logic},
  volume={22},
  pages={46--62},
  year={2017},
  publisher={Elsevier}
}

@inproceedings{janhunen2004representing,
  title     = {Representing normal programs with clauses},
  author    = {Janhunen, Tomi},
  booktitle = {European Conference on Artificial Intelligence},
  year      = {2004}
}

@article{riguzzi2011pita,
  title     = {The PITA system: Tabling and answer subsumption for reasoning under uncertainty},
  author    = {Riguzzi, Fabrizio and Swift, Terrance},
  journal   = {Theory and Practice of Logic Programming},
  volume    = {11},
  number    = {4-5},
  pages     = {433--449},
  year      = {2011},
  publisher = {Cambridge University Press}
}

@book{jaynes2003probability,
  title     = {Probability theory: The logic of science},
  author    = {Jaynes, Edwin T},
  year      = {2003},
  publisher = {Cambridge university press}
}


@book{milch2006probabilistic,
  title  = {Probabilistic Models with Unknown Objects},
  author = {Milch, Brian Christopher},
  year   = {2006},
  publisher = {University of California, Berkeley}
}

@inproceedings{cherchago2007decidability,
  title        = {Decidability under the well-founded semantics},
  author       = {Cherchago, Natalia and Hitzler, Pascal and H{\"o}lldobler, Steffen},
  booktitle    = {International Conference on Web Reasoning and Rule Systems},
  year         = {2007},
}

@book{kadane2011principles,
  title     = {Principles of uncertainty},
  author    = {Kadane, Joseph B},
  year      = {2011},
  publisher = {CRC Press}
}


@article{poole2010probabilistic,
  title     = {Probabilistic programming languages: Independent choices and deterministic systems},
  author    = {Poole, David},
  journal   = {Heuristics, probability and causality: A tribute to Judea Pearl},
  pages     = {253--269},
  year      = {2010},
  publisher = {College Publications}
}

@article{nitti2016probabilistic,
  title     = {Probabilistic logic programming for hybrid relational domains},
  author    = {Nitti, Davide and De Laet, Tinne and De Raedt, Luc},
  journal   = {Machine Learning},
  volume    = {103},
  number    = {3},
  pages     = {407--449},
  year      = {2016},
  publisher = {Springer}
}

@article{islam2012inference,
  title     = {Inference in probabilistic logic programs with continuous random variables},
  author    = {Islam, Muhammad Asiful and Ramakrishnan, CR and Ramakrishnan, IV},
  journal   = {Theory and Practice of Logic Programming},
  volume    = {12},
  number    = {4-5},
  pages     = {505--523},
  year      = {2012},
  publisher = {Cambridge University Press}
}

@article{mansinghka2014venture,
  title   = {Venture: a higher-order probabilistic programming platform with programmable inference},
  author  = {Mansinghka, Vikash and Selsam, Daniel and Perov, Yura},
  journal = {arXiv:1404.0099},
  year    = {2014}
}


@inproceedings{goodman2008church,
  title     = {Church: a language for generative models},
  author    = {Goodman, Noah D and Mansinghka, Vikash K and Roy, Daniel and Bonawitz, Keith and Tenenbaum, Joshua B},
  booktitle = {Conference on Uncertainty in Artificial Intelligence},
  year      = {2008}
}

@inproceedings{dries2015problog2,
  title        = {Problog2: Probabilistic logic programming},
  author       = {Dries, Anton and Kimmig, Angelika and Meert, Wannes and Renkens, Joris and Van den Broeck, Guy and Vlasselaer, Jonas and De Raedt, Luc},
  booktitle    = {{Joint European conference on machine learning and knowledge discovery in databases}},
  year         = {2015},
}

@inproceedings{de2007problog,
  title        = {ProbLog: A Probabilistic Prolog and Its Application in Link Discovery.},
  author       = {De Raedt, Luc and Kimmig, Angelika and Toivonen, Hannu},
  booktitle    = {International Joint Conference on Artificial Intelligence},
  year         = {2007},
}

@article{poole1993probabilistic,
  title     = {Probabilistic Horn abduction and Bayesian networks},
  author    = {Poole, David},
  journal   = {Artificial intelligence},
  volume    = {64},
  number    = {1},
  pages     = {81--129},
  year      = {1993},
  publisher = {Elsevier}
}


@book{riguzzi2018foundations,
  title     = {Foundations of Probabilistic Logic Programming},
  author    = {Riguzzi, Fabrizio},
  year      = {2018},
  publisher = {River Publishers}
}

@book{deraedt:mc16,
  author    = {Luc {De Raedt} and
               Kristian Kersting and
               Sriraam Natarajan and
               David Poole},
  title     = {Statistical Relational Artificial Intelligence: Logic, Probability,
               and Computation},
  series    = {Synthesis Lectures on Artificial Intelligence and Machine Learning},
  publisher = {Morgan {\&} Claypool Publishers},
  year      = {2016}
}


@article{russell2015unifying,
  title     = {Unifying logic and probability},
  author    = {Russell, Stuart},
  journal   = {Communications of the ACM},
  volume    = {58},
  number    = {7},
  pages     = {88--97},
  year      = {2015},
  publisher = {ACM}
}


@article{azzolini2021semantics,
  title={A semantics for hybrid probabilistic logic programs with function symbols},
  author={Azzolini, Damiano and Riguzzi, Fabrizio and Lamma, Evelina},
  journal={Artificial Intelligence},
  volume={294},
  pages={103452},
  year={2021},
  publisher={Elsevier}
}


@article{gutmann2011magic,
  title     = {The magic of logical inference in probabilistic programming},
  author    = {Gutmann, Bernd and Thon, Ingo and Kimmig, Angelika and Bruynooghe, Maurice and De Raedt, Luc},
  journal   = {Theory and Practice of Logic Programming},
  volume    = {11},
  number    = {4-5},
  pages     = {663--680},
  year      = {2011},
  publisher = {Cambridge University Press}
}


@inproceedings{gutmann2010extending,
  title        = {Extending ProbLog with continuous distributions},
  author       = {Gutmann, Bernd and Jaeger, Manfred and De Raedt, Luc},
  booktitle    = {International Conference on Inductive Logic Programming},
  year         = {2010},
}

@article{fierens2015inference,
  title     = {Inference and learning in probabilistic logic programs using weighted Boolean formulas},
  author    = {Fierens, Daan and Van den Broeck, Guy and Renkens, Joris and Shterionov, Dimitar and Gutmann, Bernd and Thon, Ingo and Janssens, Gerda and De Raedt, Luc},
  journal   = {Theory and Practice of Logic Programming},
  volume    = {15},
  number    = {3},
  pages     = {358--401},
  year      = {2015},
  publisher = {Cambridge University Press}
}


@inproceedings{jacobs2021paradoxes,
  title     = {Paradoxes of probabilistic programming: And how to condition on events of measure zero with infinitesimal probabilities},
  author    = {Jacobs, Jules},
  booktitle   = {ACM SIGPLAN Symposium on Principles of Programming Languages},
  year      = {2021},
}



@inproceedings{kersting2000bayesian,
  title     = {Bayesian logic programs},
  author    = {Kersting, Kristian and De Raedt, Luc},
  booktitle = {International Conference on Inductive Logic Programming},
  year      = {2000}
}


@article{de2015probabilistic,
  title     = {Probabilistic (logic) programming concepts},
  author    = {De Raedt, Luc and Kimmig, Angelika},
  journal   = {Machine Learning},
  volume    = {100},
  number    = {1},
  pages     = {5--47},
  year      = {2015},
  publisher = {Springer}
}