% logic probability
@article{hailperin1984probability,
  title     = {Probability logic.},
  author    = {Hailperin, Theodore and others},
  journal   = {Notre Dame Journal of Formal Logic},
  volume    = {25},
  number    = {3},
  pages     = {198--212},
  year      = {1984},
  publisher = {University of Notre Dame}
}

@article{howson2003probability,
  title     = {Probability and logic},
  author    = {Howson, Colin},
  journal   = {Journal of Applied Logic},
  volume    = {1},
  number    = {3-4},
  pages     = {151--165},
  year      = {2003},
  publisher = {Elsevier}
}


@article{russell2015unifying,
  title     = {Unifying logic and probability},
  author    = {Russell, Stuart},
  journal   = {Communications of the ACM},
  volume    = {58},
  number    = {7},
  pages     = {88--97},
  year      = {2015},
  publisher = {ACM New York, NY, USA}
}

@article{nilsson1986probabilistic,
  title     = {Probabilistic logic},
  author    = {Nilsson, Nils J.},
  journal   = {Artificial intelligence},
  volume    = {28},
  number    = {1},
  pages     = {71--87},
  year      = {1986},
  publisher = {Elsevier}
}


@book{pearl1988probabilistic,
  title     = {Probabilistic reasoning in intelligent systems: networks of plausible inference},
  author    = {Pearl, Judea},
  year      = {1988},
  publisher = {Elsevier}
}

% SRL + graphical models



@inproceedings{speichert2019learning,
  title     = {Learning Probabilistic Logic Programs over Continuous Data},
  author    = {Speichert, Stefanie and Belle, Vaishak},
  booktitle = {International Conference on Inductive Logic Programming},
  year      = {2019}
}


%logic programming



@inproceedings{kowalski1974predicate,
  title     = {Predicate logic as programming language},
  author    = {Kowalski, Robert},
  booktitle = {IFIP congress},
  volume    = {74},
  pages     = {569--544},
  year      = {1974}
}


@inproceedings{Clark1977NegationAF,
  title     = {Negation as Failure},
  author    = {Keith L. Clark},
  booktitle = {Logic and Data Bases},
  year      = {1977}
}

@article{van1991well,
  title     = {The well-founded semantics for general logic programs},
  author    = {Van Gelder, Allen and Ross, Kenneth A and Schlipf, John S},
  journal   = {Journal of the ACM (JACM)},
  volume    = {38},
  number    = {3},
  pages     = {619--649},
  year      = {1991},
  publisher = {ACM New York, NY, USA}
}

@book{sterling1994art,
  title     = {The art of Prolog: advanced programming techniques},
  author    = {Sterling, Leon and Shapiro, Ehud Y},
  year      = {1994},
  publisher = {MIT press}
}

@book{flach1994simply,
  title     = {Simply Logical: Intelligent Reasoning by Example},
  author    = {Flach, Peter A},
  year      = {1994},
  publisher = {John Wiley \& Sons, Inc.}
}

@inproceedings{cherchago2007decidability,
  title        = {Decidability under the well-founded semantics},
  author       = {Cherchago, Natalia and Hitzler, Pascal and H{\"o}lldobler, Steffen},
  booktitle    = {International Conference on Web Reasoning and Rule Systems},
  pages        = {269--278},
  year         = {2007},
  organization = {Springer}
}



@book{lloyd2012foundations,
  title     = {Foundations of logic programming},
  author    = {Lloyd, John W},
  year      = {2012},
  publisher = {Springer Science \& Business Media}
}


% probabilistic logic programming

@inproceedings{dantsin1990probabilistic,
  title     = {Probabilistic Logic Programs and their Semantics},
  author    = {Dantsin, Evgeny},
  booktitle = {Proceedings of the First Russian Conference on Logic Programming},
  pages     = {152--164},
  year      = {1990}
}

@article{ng1992probabilistic,
  title     = {Probabilistic logic programming},
  author    = {Ng, Raymond and Subrahmanian, Venkatramanan Siva},
  journal   = {Information and computation},
  volume    = {101},
  number    = {2},
  pages     = {150--201},
  year      = {1992},
  publisher = {Elsevier}
}


@inproceedings{sato1995statistical,
  title        = {A statistical learning method for logic programs with distribution semantics},
  author       = {Sato, Taisuke},
  booktitle    = {In Proceedings of the 12th International Conference On Logic Programming (ICLPâ€™95},
  year         = {1995},
  organization = {Citeseer}
}

@inproceedings{sato1997prism,
  title     = {PRISM: a language for symbolic-statistical modeling},
  author    = {Sato, Taisuke and Kameya, Yoshitaka},
  booktitle = {IJCAI},
  volume    = {97},
  pages     = {1330--1339},
  year      = {1997}
}

@article{poole1997independent,
  title     = {The independent choice logic for modelling multiple agents under uncertainty},
  author    = {Poole, David},
  journal   = {Artificial intelligence},
  volume    = {94},
  number    = {1-2},
  pages     = {7--56},
  year      = {1997},
  publisher = {Elsevier}
}

@inproceedings{janhunen2004representing,
  title     = {Representing normal programs with clauses},
  author    = {Janhunen, Tomi},
  booktitle = {Proceedings of the 16th European Conference on Artificial Intelligence},
  pages     = {358--362},
  year      = {2004}
}


@inproceedings{mantadelis2010dedicated,
  title     = {Dedicated tabling for a probabilistic setting},
  author    = {Mantadelis, Theofrastos and Janssens, Gerda},
  booktitle = {Technical Communications of the 26th International Conference on Logic Programming},
  year      = {2010}
}


@article{de2015probabilistic,
  title     = {Probabilistic (logic) programming concepts},
  author    = {De Raedt, Luc and Kimmig, Angelika},
  journal   = {Machine Learning},
  volume    = {100},
  number    = {1},
  pages     = {5--47},
  year      = {2015},
  publisher = {Springer}
}

@book{riguzzi2018foundations,
  title     = {Foundations of Probabilistic Logic Programming},
  author    = {Riguzzi, Fabrizio},
  year      = {2018},
  publisher = {River Publishers}
}

@inproceedings{vennekens2004logic,
  title        = {Logic programs with annotated disjunctions},
  author       = {Vennekens, Joost and Verbaeten, Sofie and Bruynooghe, Maurice},
  booktitle    = {International Conference on Logic Programming},
  pages        = {431--445},
  year         = {2004},
  organization = {Springer}
}

@inproceedings{de2007problog,
  title        = {ProbLog: A Probabilistic Prolog and Its Application in Link Discovery.},
  author       = {De Raedt, Luc and Kimmig, Angelika and Toivonen, Hannu},
  booktitle    = {IJCAI},
  volume       = {7},
  pages        = {2462--2467},
  year         = {2007},
  organization = {Hyderabad}
}

@article{vennekens2009cp,
  title     = {CP-logic: A language of causal probabilistic events and its relation to logic programming},
  author    = {Vennekens, Joost and Denecker, Marc and Bruynooghe, Maurice},
  journal   = {Theory and practice of logic programming},
  volume    = {9},
  number    = {3},
  pages     = {245--308},
  year      = {2009},
  publisher = {Cambridge University Press}
}

@article{poole2010probabilistic,
  title     = {Probabilistic programming languages: Independent choices and deterministic systems},
  author    = {Poole, David},
  journal   = {Heuristics, probability and causality: A tribute to Judea Pearl},
  pages     = {253--269},
  year      = {2010},
  publisher = {College Publications}
}

@inproceedings{vlasselaer2014compiling,
  title     = {Compiling probabilistic logic programs into sentential decision diagrams},
  author    = {Vlasselaer, Jonas and Renkens, Joris and Van den Broeck, Guy and De Raedt, Luc},
  booktitle = {Proceedings Workshop on Probabilistic Logic Programming (PLP)},
  pages     = {1--10},
  year      = {2014}
}

@article{fierens2015inference,
  title     = {Inference and learning in probabilistic logic programs using weighted Boolean formulas},
  author    = {Fierens, Daan and Van den Broeck, Guy and Renkens, Joris and Shterionov, Dimitar and Gutmann, Bernd and Thon, Ingo and Janssens, Gerda and De Raedt, Luc},
  journal   = {Theory and Practice of Logic Programming},
  volume    = {15},
  number    = {3},
  pages     = {358--401},
  year      = {2015},
  publisher = {Cambridge University Press}
}

@inproceedings{dries2015problog2,
  title        = {Problog2: Probabilistic logic programming},
  author       = {Dries, Anton and Kimmig, Angelika and Meert, Wannes and Renkens, Joris and Van den Broeck, Guy and Vlasselaer, Jonas and De Raedt, Luc},
  booktitle    = {Joint european conference on machine learning and knowledge discovery in databases},
  year         = {2015},
  organization = {Springer}
}

@article{alberti2017cplint,
  title     = {cplint on SWISH: Probabilistic logical inference with a web browser},
  author    = {Alberti, Marco and Bellodi, Elena and Cota, Giuseppe and Riguzzi, Fabrizio and Zese, Riccardo},
  journal   = {Intelligenza Artificiale},
  volume    = {11},
  number    = {1},
  pages     = {47--64},
  year      = {2017},
  publisher = {IOS Press}
}


@inproceedings{zuidbergdosmartires2019transforming,
  title     = {Transforming Probabilistic Programs into Algebraic Circuits for Inference and Learning},
  author    = {Zuidberg Dos Martires, Pedro and Derkinderen, Vincent and Manhaeve, Robin and Meert, Wannes and Kimmig, Angelika and De Raedt, Luc},
  booktitle = {Transformations for Machine Learning Workshop},
  year      = {2019}
} 



@inproceedings{desmet2023neural,
  title     = {Neural Probabilistic Logic Programming in Discrete-Continuous Domains},
  author    = {De Smet, Lennert and Zuidberg Dos Martires, Pedro and Manhaeve, Robin and Marra, Giuseppe and Kimmig, Angelika and De Raedt, Luc},
  year      = {2023},
  booktitle = {Proceedings of the Uncertainty in Artificial Intelligence Conference (UAI)}
}

@article{badreddine2022logic,
  title={Logic tensor networks},
  author={Badreddine, Samy and Garcez, Artur d'Avila and Serafini, Luciano and Spranger, Michael},
  journal={Artificial Intelligence},
  year={2022},
  publisher={Elsevier},
}

@article{garcez2019neural,
  title={Neural-symbolic computing: An effective methodology for principled integration of machine learning and reasoning},
  author={Garcez, Artur d'Avila and Gori, Marco and Lamb, Luis C and Serafini, Luciano and Spranger, Michael and Tran, Son N},
  journal={arXiv preprint arXiv:1905.06088},
  year={2019}
}

@article{marra2024statistical,
  title={From statistical relational to neurosymbolic artificial intelligence: A survey},
  author={Marra, Giuseppe and Duman{\v{c}}i{\'c}, Sebastijan and Manhaeve, Robin and De Raedt, Luc},
  journal={Artificial Intelligence},
  pages={104062},
  year={2024},
  publisher={Elsevier}
}



% hybrid probabilistic logic programming (or with function symbols)
@article{poole1993probabilistic,
  title     = {Probabilistic Horn abduction and Bayesian networks},
  author    = {Poole, David},
  journal   = {Artificial intelligence},
  volume    = {64},
  number    = {1},
  pages     = {81--129},
  year      = {1993},
  publisher = {Elsevier}
}



@inproceedings{kersting2000bayesian,
  title     = {Bayesian logic programs},
  author    = {Kersting, Kristian and De Raedt, Luc},
  booktitle = {Proceedings of the 10th International Conference on Inductive Logic Programming, Work-in-progress reports},
  pages     = {1--18},
  year      = {2000}
}


@inproceedings{milch2005blog,
  title     = {BLOG: Probabilistic models with unknown objects},
  author    = {Milch, Brian and Marthi, Bhaskara and Russell, Stuart and Sontag, David and Ong, Daniel L and Kolobov, Andrey},
  booktitle = {19th International Joint Conference on Artificial Intelligence, IJCAI 2005},
  pages     = {1352--1359},
  year      = {2005}
}




@phdthesis{milch2006probabilistic,
  title  = {Probabilistic Models with Unknown Objects},
  author = {Milch, Brian Christopher},
  year   = {2006},
  school = {University of California, Berkeley}
}


@article{gutmann2011magic,
  title     = {The magic of logical inference in probabilistic programming},
  author    = {Gutmann, Bernd and Thon, Ingo and Kimmig, Angelika and Bruynooghe, Maurice and De Raedt, Luc},
  journal   = {Theory and Practice of Logic Programming},
  volume    = {11},
  number    = {4-5},
  pages     = {663--680},
  year      = {2011},
  publisher = {Cambridge University Press}
}

@article{islam2012inference,
  title     = {Inference in probabilistic logic programs with continuous random variables},
  author    = {Islam, Muhammad Asiful and Ramakrishnan, CR and Ramakrishnan, IV},
  journal   = {Theory and Practice of Logic Programming},
  volume    = {12},
  number    = {4-5},
  pages     = {505--523},
  year      = {2012},
  publisher = {Cambridge University Press}
}

@article{michels2015new,
  title     = {A new probabilistic constraint logic programming language based on a generalised distribution semantics},
  author    = {Michels, Steffen and Hommersom, Arjen and Lucas, Peter JF and Velikova, Marina},
  journal   = {Artificial Intelligence},
  volume    = {228},
  pages     = {1--44},
  year      = {2015},
  publisher = {Elsevier}
}


@article{nitti2016probabilistic,
  title     = {Probabilistic logic programming for hybrid relational domains},
  author    = {Nitti, Davide and De Laet, Tinne and De Raedt, Luc},
  journal   = {Machine Learning},
  volume    = {103},
  number    = {3},
  pages     = {407--449},
  year      = {2016},
  publisher = {Springer}
}

@article{riguzzi2016distribution,
  title     = {The distribution semantics for normal programs with function symbols},
  author    = {Riguzzi, Fabrizio},
  journal   = {International Journal of Approximate Reasoning},
  volume    = {77},
  pages     = {1--19},
  year      = {2016},
  publisher = {Elsevier}
}

@article{orsini2017kproblog,
  title     = {kProbLog: an algebraic Prolog for machine learning},
  author    = {Orsini, Francesco and Frasconi, Paolo and De Raedt, Luc},
  journal   = {Machine Learning},
  volume    = {106},
  number    = {12},
  pages     = {1933--1969},
  year      = {2017},
  publisher = {Springer}
}

@inproceedings{wu2018discrete,
  title     = {Discrete-Continuous Mixtures in Probabilistic Programming: Generalized Semantics and Inference Algorithms},
  author    = {Wu, Yi and Srivastava, Siddharth and Hay, Nicholas and Du, Simon and Russell, Stuart},
  booktitle = {International Conference on Machine Learning},
  pages     = {5339--5348},
  year      = {2018}
}

@article{zuidberg2018knowledge,
  title   = {Knowledge Compilation with Continuous Random Variables and its Application in Hybrid Probabilistic Logic Programming},
  author  = {Zuidberg Dos Martires, Pedro and Dries, Anton and De Raedt, Luc},
  journal = {arXiv preprint arXiv:1807.00614},
  year    = {2018}
}

@article{azzolini2021semantics,
  title   = {A semantics for Hybrid Probabilistic Logic programs with function symbols},
  author  = {Azzolini, Damiano and Riguzzi, Fabrizio and Lamma, Evelina},
  journal = {Artificial Intelligence},
  volume  = {294},
  year    = {2021}
}


@inproceedings{saad2021sppl,
  title     = {SPPL: Probabilistic Programming with Fast Exact Symbolic Inference},
  author    = {Saad, Feras A and Rinard, Martin C and Mansinghka, Vikash K},
  booktitle = {Conference on Programming Language Design and Implementation},
  year      = {2021}
}


% probabilistic programming


@inproceedings{goodman2008church,
  title     = {Church: a language for generative models},
  author    = {Goodman, Noah D and Mansinghka, Vikash K and Roy, Daniel and Bonawitz, Keith and Tenenbaum, Joshua B},
  booktitle = {Proceedings of the Twenty-Fourth Conference on Uncertainty in Artificial Intelligence},
  pages     = {220--229},
  year      = {2008}
}


@inproceedings{gutmann2010extending,
  title        = {Extending ProbLog with continuous distributions},
  author       = {Gutmann, Bernd and Jaeger, Manfred and De Raedt, Luc},
  booktitle    = {International Conference on Inductive Logic Programming},
  year         = {2010},
  organization = {Springer}
}

@article{mansinghka2014venture,
  title   = {Venture: a higher-order probabilistic programming platform with programmable inference},
  author  = {Mansinghka, Vikash and Selsam, Daniel and Perov, Yura},
  journal = {arXiv preprint arXiv:1404.0099},
  year    = {2014}
}

@article{salvatier2016probabilistic,
  title     = {Probabilistic programming in Python using PyMC3},
  author    = {Salvatier, John and Wiecki, Thomas V and Fonnesbeck, Christopher},
  journal   = {PeerJ Computer Science},
  volume    = {2},
  pages     = {e55},
  year      = {2016},
  publisher = {PeerJ Inc.}
}

@inproceedings{wu2016swift,
  title     = {Swift: compiled inference for probabilistic programming languages},
  author    = {Wu, Yi and Li, Lei and Russell, Stuart and Bodik, Rastislav},
  booktitle = {Proceedings of the Twenty-Fifth International Joint Conference on Artificial Intelligence},
  pages     = {3637--3645},
  year      = {2016}
}


@article{carpenter2017stan,
  title     = {Stan: A probabilistic programming language},
  author    = {Carpenter, Bob and Gelman, Andrew and Hoffman, Matthew D and Lee, Daniel and Goodrich, Ben and Betancourt, Michael and Brubaker, Marcus and Guo, Jiqiang and Li, Peter and Riddell, Allen},
  journal   = {Journal of statistical software},
  volume    = {76},
  number    = {1},
  year      = {2017},
  publisher = {Columbia Univ., New York, NY (United States); Harvard Univ., Cambridge, MA~â€¦}
}


@article{bingham2019pyro,
  author  = {Eli Bingham and
             Jonathan P. Chen and
             Martin Jankowiak and
             Fritz Obermeyer and
             Neeraj Pradhan and
             Theofanis Karaletsos and
             Rohit Singh and
             Paul A. Szerlip and
             Paul Horsfall and
             Noah D. Goodman},
  title   = {Pyro: Deep Universal Probabilistic Programming},
  journal = {J. Mach. Learn. Res.},
  volume  = {20},
  pages   = {28:1--28:6},
  year    = {2019},
  url     = {http://jmlr.org/papers/v20/18-403.html}
}

@inproceedings{ge2018turing,
  title     = {Turing: A Language for Flexible Probabilistic Inference},
  author    = {Ge, Hong and Xu, Kai and Ghahramani, Zoubin},
  booktitle = {International Conference on Artificial Intelligence and Statistics},
  pages     = {1682--1690},
  year      = {2018}
}


@inproceedings{wood2014approach,
  author    = {Wood, Frank and van de Meent, Jan Willem and Mansinghka, Vikash},
  booktitle = {Proceedings of the 17th International conference on Artificial Intelligence and Statistics},
  title     = {A New Approach to Probabilistic Programming Inference},
  pages     = {1024-1032},
  year      = {2014}
}

@inproceedings{gehr2016psi,
  title        = {{PSI}: Exact symbolic inference for probabilistic programs},
  author       = {Gehr, Timon and Misailovic, Sasa and Vechev, Martin},
  booktitle    = {International Conference on Computer Aided Verification},
  year         = {2016},
  organization = {Springer}
}

@inproceedings{staton2016semantics,
  title        = {Semantics for probabilistic programming: higher-order functions, continuous distributions, and soft constraints},
  author       = {Staton, Sam and Wood, Frank and Yang, Hongseok and Heunen, Chris and Kammar, Ohad},
  booktitle    = {2016 31st Annual ACM/IEEE Symposium on Logic in Computer Science (LICS)},
  pages        = {1--10},
  year         = {2016},
  organization = {IEEE}
}

@inproceedings{shan2017exact,
  title        = {Exact {B}ayesian inference by symbolic disintegration},
  author       = {Shan, Chung-chieh and Ramsey, Norman},
  booktitle    = {ACM SIGPLAN Notices},
  volume       = {52},
  issue        = {1},
  pages        = {130--144},
  year         = {2017},
  organization = {ACM}
}

@inproceedings{heunen2017convenient,
  title        = {A convenient category for higher-order probability theory},
  author       = {Heunen, Chris and Kammar, Ohad and Staton, Sam and Yang, Hongseok},
  booktitle    = {2017 32nd Annual ACM/IEEE Symposium on Logic in Computer Science (LICS)},
  pages        = {1--12},
  year         = {2017},
  organization = {IEEE}
}


@article{murray2018automated,
  title     = {Automated learning with a probabilistic programming language: Birch},
  author    = {Murray, Lawrence M and Sch{\"o}n, Thomas B},
  journal   = {Annual Reviews in Control},
  volume    = {46},
  pages     = {29--43},
  year      = {2018},
  publisher = {Elsevier}
}


@article{meent2018introduction,
  title   = {An introduction to probabilistic programming},
  author  = {van de Meent, Jan-Willem and Paige, Brooks and Yang, Hongseok and Wood, Frank},
  journal = {arXiv preprint arXiv:1809.10756},
  year    = {2018}
}




@article{obermeyer2019functional,
  title   = {Functional Tensors for Probabilistic Programming},
  author  = {Obermeyer, Fritz and Bingham, Eli and Jankowiak, Martin and Phan, Du and Chen, Jonathan},
  year    = {2019},
  journal = {arXiv:1910.10775}
}


@article{holtzen2020dice,
  title   = {Dice: Compiling Discrete Probabilistic Programs for Scalable Inference},
  author  = {Holtzen, Steven and Broeck, Guy Van den and Millstein, Todd},
  journal = {arXiv preprint arXiv:2005.09089},
  year    = {2020}
}

@article{jacobs2021paradoxes,
  title     = {Paradoxes of probabilistic programming: And how to condition on events of measure zero with infinitesimal probabilities},
  author    = {Jacobs, Jules},
  journal   = {Proceedings of the ACM on Programming Languages},
  volume    = {5},
  number    = {POPL},
  pages     = {1--26},
  year      = {2021},
  publisher = {ACM New York, NY, USA}
}



% Weighted Model Counting
@article{darwiche2002knowledge,
  title   = {A knowledge compilation map},
  author  = {Darwiche, Adnan and Marquis, Pierre},
  journal = {Journal of Artificial Intelligence Research},
  volume  = {17},
  pages   = {229--264},
  year    = {2002}
}


@article{chavira2008probabilistic,
  title     = {On probabilistic inference by weighted model counting},
  author    = {Chavira, Mark and Darwiche, Adnan},
  journal   = {Artificial Intelligence},
  volume    = {172},
  number    = {6-7},
  pages     = {772--799},
  year      = {2008},
  publisher = {Elsevier}
}

@book{darwiche2009modeling,
  title     = {Modeling and reasoning with Bayesian networks},
  author    = {Darwiche, Adnan},
  year      = {2009},
  publisher = {Cambridge university press}
}


@inproceedings{kimmig2011algebraic,
  title     = {An algebraic Prolog for reasoning about possible worlds},
  author    = {Kimmig, Angelika and Van den Broeck, Guy and De Raedt, Luc},
  booktitle = {Proceedings of the AAAI Conference on Artificial Intelligence},
  year      = {2011}
}

@article{kimmig2017algebraic,
  title     = {Algebraic model counting},
  author    = {Kimmig, Angelika and Van den Broeck, Guy and De Raedt, Luc},
  journal   = {Journal of Applied Logic},
  year      = {2017},
  publisher = {Elsevier}
}



@inproceedings{belle2017weighted,
  title     = {Weighted Model Counting With Function Symbols.},
  author    = {Belle, Vaishak},
  booktitle = {UAI},
  year      = {2017}
}

@inproceedings{harviainen2023inference,
  title={On inference and learning with probabilistic generating circuits},
  author={Harviainen, Juha and Ramaswamy, Vaidyanathan Peruvemba and Koivisto, Mikko},
  booktitle={Uncertainty in Artificial Intelligence},
  year={2023},
  organization={PMLR}
}

@inproceedings{marinescu2019counting,
  title={Counting the optimal solutions in graphical models},
  author={Marinescu, Radu and Dechter, Rina},
  booktitle={Advances in Neural Information Processing Systems},
  year={2019}
}




% Weighted Model Integration
@inproceedings{sanner2011symbolic,
  title     = {Symbolic dynamic programming for discrete and continuous state {MDPs}},
  author    = {Sanner, Scott and Delgado, Karina Valdivia and de Barros, Leliane Nunes},
  booktitle = {Proceedings of the  Uncertainty in Artificial Intelligence (UAI) Conference},
  year      = {2011}
}

@inproceedings{belle2015probabilistic,
  title     = {Probabilistic inference in hybrid domains by weighted model integration},
  author    = {Belle, Vaishak and Passerini, Andrea and Van den Broeck, Guy},
  booktitle = {Twenty-Fourth International Joint Conference on Artificial Intelligence},
  year      = {2015}
}

@inproceedings{morettin2017efficient,
  title     = {{Efficient Weighted Model Integration via {SMT}-Based Predicate Abstraction}},
  author    = {Morettin, Paolo and Passerini, Andrea and Sebastiani, Roberto},
  booktitle = {Proceedings of the  International Joint Conference on Artificial Intelligence (IJCAI)},
  year      = {2017}
}

@inproceedings{desalvo2017exact,
  title     = {Exact Inference for Relational Graphical Models with Interpreted Functions: Lifted Probabilistic Inference Modulo Theories.},
  author    = {de Salvo Braz, Rodrigo and O'Reilly, Ciaran},
  booktitle = {UAI},
  year      = {2017}
}

@inproceedings{kolb2018efficient,
  title     = {{Efficient Symbolic Integration for Probabilistic Inference}},
  author    = {Kolb, Samuel and Mladenov, Martin and Sanner, Scott and Belle, Vaishak and Kersting, Kristian},
  booktitle = {Proceedings of the  International Joint Conference on Artificial Intelligence (IJCAI)},
  year      = {2018}
}

@inproceedings{zuidbergdosmartires2019exact,
  title     = {Exact and Approximate Weighted Model Integration with Probability Density Functions Using Knowledge Compilation},
  author    = {Zuidberg Dos Martires, Pedro and Dries, Anton and De Raedt, Luc},
  booktitle = {Proceedings of the AAAI Conference on Artificial Intelligence},
  volume    = {33},
  pages     = {7825--7833},
  year      = {2019}
}


@inproceedings{kolb2019exploit,
  title        = {How to Exploit Structure while Solving Weighted Model Integration Problems},
  author       = {Kolb, Samuel and Zuidberg Dos Martires, Pedro and De Raedt, Luc},
  booktitle    = {Uncertainty in Artificial Intelligence},
  pages        = {744--754},
  year         = {2019},
  organization = {PMLR}
}

@inproceedings{zeng2019efficient,
  title        = {Efficient search-based weighted model integration},
  author       = {Zeng, Zhe and Van den Broeck, Guy},
  booktitle    = {Uncertainty in Artificial Intelligence},
  pages        = {175--185},
  year         = {2020},
  organization = {PMLR}
}


@article{zeng2020probabilistic,
  title   = {Probabilistic inference with algebraic constraints: Theoretical limits and practical approximations},
  author  = {Zeng, Zhe and Morettin, Paolo and Yan, Fanqi and Vergari, Antonio and Van den Broeck, Guy},
  journal = {Advances in Neural Information Processing Systems},
  volume  = {33},
  year    = {2020}
}


@inproceedings{derkinderen2020ordering,
  title        = {Ordering Variables for Weighted Model Integration},
  author       = {Derkinderen, Vincent and Heylen, Evert and Dos Martires, Pedro Zuidberg and Kolb, Samuel and De Raedt, Luc},
  booktitle    = {Conference on Uncertainty in Artificial Intelligence},
  pages        = {879--888},
  year         = {2020},
  organization = {PMLR}
}


@inproceedings{morettin2021hybrid,
  title     = {Hybrid Probabilistic Inference with Logical and Algebraic Constraints: a Survey},
  author    = {Morettin, Paolo and Zuidberg Dos Martires, Pedro and Kolb, Samuel and Passerini, Andrea},
  booktitle = {Proceedings of the Thirtieth International Joint Conference on
               Artificial Intelligence, {IJCAI-21}},
  publisher = {International Joint Conferences on Artificial Intelligence Organization},
  pages     = {4533--4542},
  year      = {2021},
  month     = {8},
  note      = {Survey Track}
}


@article{miosic2021measure,
  author     = {Miosic, Ivan and
                Zuidberg Dos Martires, Pedro},
  title      = {Measure Theoretic Weighted Model Integration},
  journal    = {CoRR},
  volume     = {abs/2103.13901},
  year       = {2021},
  url        = {https://arxiv.org/abs/2103.13901},
  eprinttype = {arXiv},
  eprint     = {2103.13901},
  timestamp  = {Wed, 07 Apr 2021 15:31:46 +0200}
}




%software
@book{oliphant2006guide,
  title     = {A guide to NumPy},
  author    = {Oliphant, Travis E},
  volume    = {1},
  year      = {2006},
  publisher = {Trelgol Publishing USA}
}

% programming languages
@inproceedings{przymusinski1988perfect,
  title     = {Perfect Model Semantics.},
  author    = {Przymusinski, Teodor C},
  booktitle = {ICLP/SLP},
  volume    = {88},
  pages     = {1081--1096},
  year      = {1988}
}


@book{keene1989object,
  title     = {Object-Oriented programming in Common Lisp; a programmer's guide to CLOS},
  author    = {Keene, Sonya E},
  year      = {1989},
  publisher = {Addison-Wesley Professional}
}





@article{castagna1995calculus,
  title     = {A calculus for overloaded functions with subtyping},
  author    = {Castagna, Giuseppe and Ghelli, Giorgio and Longo, Giuseppe},
  journal   = {Information and Computation},
  volume    = {117},
  number    = {1},
  pages     = {115--135},
  year      = {1995},
  publisher = {Elsevier}
}

@inproceedings{Schrijvers2008TowardsTP,
  title     = {Towards Typed Prolog},
  author    = {Tom Schrijvers and V{\'i}tor Santos Costa and Jan Wielemaker and Bart Demoen},
  booktitle = {ICLP},
  year      = {2008}
}

@article{riguzzi2013well,
  title     = {Well-definedness and efficient inference for probabilistic logic programming under the distribution semantics},
  author    = {Riguzzi, Fabrizio and Swift, Terrance},
  journal   = {Theory and practice of logic programming},
  volume    = {13},
  number    = {2},
  pages     = {279},
  year      = {2013},
  publisher = {Citeseer}
}


@article{bezanson2017julia,
  title     = {Julia: A fresh approach to numerical computing},
  author    = {Bezanson, Jeff and Edelman, Alan and Karpinski, Stefan and Shah, Viral B},
  journal   = {SIAM review},
  volume    = {59},
  number    = {1},
  pages     = {65--98},
  year      = {2017},
  publisher = {SIAM}
}



%probability theory
@book{kolmogorov1950foundations,
  title     = {Foundations of the theory of probability},
  author    = {Kolmogorov, AN},
  year      = {1950},
  publisher = {Chelsea Publishing Co.}
}


@book{jaynes2003probability,
  title     = {Probability theory: The logic of science},
  author    = {Jaynes, Edwin T},
  year      = {2003},
  publisher = {Cambridge university press}
}


@book{kadane2011principles,
  title     = {Principles of uncertainty},
  author    = {Kadane, Joseph B},
  year      = {2011},
  publisher = {CRC Press}
}

@article{gyenis2017conditioning,
  title     = {Conditioning using conditional expectations: the Borel--Kolmogorov Paradox},
  author    = {Gyenis, Zal{\'a}n and Hofer-Szab{\'o}, G{\'a}bor and R{\'e}dei, Mikl{\'o}s},
  journal   = {Synthese},
  year      = {2017},
  publisher = {Springer}
}


%probabilistic inference


@article{kahn1950random,
  title   = {Random sampling (Monte Carlo) techniques in neutron attenuation problems. I},
  author  = {Kahn, Herman},
  journal = {Nucleonics (US) Ceased publication},
  volume  = {6},
  number  = {See also NSA 3-990},
  year    = {1950}
}



@inproceedings{milch2006general,
  title     = {General-Purpose MCMC inference over relational structures},
  author    = {Milch, Brian and Russell, Stuart},
  booktitle = {Proceedings of the Twenty-Second Conference on Uncertainty in Artificial Intelligence},
  pages     = {349--358},
  year      = {2006}
}


@article{kloek1978bayesian,
  title     = {Bayesian estimates of equation system parameters: an application of integration by Monte Carlo},
  author    = {Kloek, Tuen and Van Dijk, Herman K},
  journal   = {Econometrica: Journal of the Econometric Society},
  pages     = {1--19},
  year      = {1978},
  publisher = {JSTOR}
}

@article{fung1990weighing,
  title     = {Weighing and integrating evidence for stochastic simulation in Bayesian networks},
  author    = {Fung, Robert and Chang, Kuo-Chu},
  journal   = {Machine Intelligence and Pattern Recognition},
  volume    = {10},
  pages     = {209--219},
  year      = {1990},
  publisher = {Elsevier}
}

@article{casella1998post,
  title     = {Post-processing accept-reject samples: recycling and rescaling},
  author    = {Casella, George and Robert, Christian P},
  journal   = {Journal of Computational and Graphical Statistics},
  volume    = {7},
  number    = {2},
  pages     = {139--157},
  year      = {1998},
  publisher = {Taylor \& Francis}
}


@inproceedings{milch2005approximate,
  title        = {Approximate inference for infinite contingent Bayesian networks},
  author       = {Milch, Brian and Marthi, Bhaskara and Sontag, David and Russell, Stuart and Ong, Daniel L and Kolobov, Andrey},
  booktitle    = {International Workshop on Artificial Intelligence and Statistics},
  pages        = {238--245},
  year         = {2005},
  organization = {PMLR}
}



% sat/smt/compilation

@article{bryant1986graph,
  title     = {Graph-based algorithms for boolean function manipulation},
  author    = {Bryant, Randal E},
  journal   = {Computers, IEEE Transactions on},
  volume    = {100},
  number    = {8},
  pages     = {677--691},
  year      = {1986},
  publisher = {IEEE}
}


@article{birnbaum1999good,
  title   = {{The Good Old Davis-Putnam Procedure Helps Counting Models}},
  author  = {Birnbaum, Elazar and Lozinskii, Eliezer L},
  journal = {Journal of Artificial Intelligence Research},
  year    = {1999}
}

@inproceedings{darwiche1999compiling,
  title     = {Compiling knowledge into decomposable negation normal form},
  author    = {Darwiche, Adnan},
  booktitle = {Proceedings of the 16th international joint conference on Artifical intelligence},
  year      = {1999}
}



@article{darwiche2001tractable,
  title     = {On the tractable counting of theory models  application to truth maintenance and belief revision},
  author    = {Darwiche, Adnan},
  journal   = {Journal of Applied Non-Classical Logics},
  year      = {2001},
  publisher = {Taylor \& Francis}
}

@inproceedings{darwiche2004ddnnf,
  title        = {New advances in compiling CNF to decomposable negation normal form},
  author       = {Darwiche, Adnan},
  booktitle    = {Proc. of ECAI},
  pages        = {328--332},
  year         = {2004},
  organization = {Citeseer}
}


@article{sorensson2005minisat,
  title   = {Minisat v1. 13-a sat solver with conflict-clause minimization},
  author  = {Sorensson, Niklas and Een, Niklas},
  journal = {SAT},
  year    = {2005}
}

@inproceedings{huang2005dpll,
  title     = {{DPLL with a Trace: from SAT to Knowledge Compilation}},
  author    = {Huang, Jinbo and Darwiche, Adnan},
  booktitle = {Proceedings of the  International Joint Conference on Artificial Intelligence (IJCAI)},
  year      = {2005}
}

@inproceedings{demoura2009z3,
  author    = {De Moura, Leonardo and Bj\o{}rner, Nikolaj},
  title     = {Z3: An Efficient SMT Solver},
  year      = {2008},
  publisher = {Springer-Verlag},
  booktitle = {Proceedings of the Theory and Practice of Software, 14th International Conference on Tools and Algorithms for the Construction and Analysis of Systems},
  pages     = {337â€“340},
  numpages  = {4},
  location  = {Budapest, Hungary},
  series    = {TACAS'08/ETAPS'08}
}

@article{barrett2009handbook,
  title   = {Handbook of satisfiability},
  author  = {Barrett, Clark and Sebastiani, Roberto and Seshia, Sanjit A and Tinelli, Cesare and Biere, A and Heule, M and van Maaren, H and Walsh, T},
  journal = {Satisfiability modulo theories},
  volume  = {185},
  pages   = {825--885},
  year    = {2009}
}


@inproceedings{darwiche2011sdd,
  title     = {SDD: A new canonical representation of propositional knowledge bases},
  author    = {Darwiche, Adnan},
  booktitle = {Twenty-Second International Joint Conference on Artificial Intelligence},
  year      = {2011}
}


@inproceedings{choi2013dynamic,
  title     = {{Dynamic Minimization of Sentential Decision Diagrams.}},
  author    = {Choi, Arthur and Darwiche, Adnan},
  booktitle = {Proceedings of the AAAI Conference on Artificial Intelligence},
  year      = {2013}
}

@article{lafitte2018cryptosat,
  title     = {CryptoSAT: a tool for SAT-based cryptanalysis},
  author    = {Lafitte, Fr{\'e}d{\'e}ric},
  journal   = {IET Information Security},
  year      = {2018},
  publisher = {IET}
}

@article{oztok2018exhaustive,
  title   = {{An Exhaustive DPLL Algorithm for Model Counting}},
  author  = {Oztok, Umut and Darwiche, Adnan},
  journal = {Journal of Artificial Intelligence Research},
  year    = {2018}
}


%other stuff
@article{laplace1814essai,
  title     = {Essai philosophique sur les probabilit{\'e}s},
  author    = {LaPlace, Pierre Simon},
  year      = {1814},
  publisher = {Courcier (Paris)}
}



@book{bellman1957dynamic,
  author    = {Richard Bellman},
  title     = {Dynamic Programming},
  publisher = {Princeton University Press},
  year      = {1957}
}

@inproceedings{iverson1962programming,
  title     = {A programming language},
  author    = {Iverson, Kenneth E},
  booktitle = {Proceedings of the May 1-3, 1962, spring joint computer conference},
  year      = {1962}
}


@article{valiant1979complexity,
  title     = {{The complexity of computing the permanent}},
  author    = {Valiant, Leslie G},
  journal   = {Theoretical Computer Science},
  year      = {1979},
  publisher = {Elsevier}
}

@article{levesque1986knowledge,
  title     = {Knowledge representation and reasoning},
  author    = {Levesque, Hector J},
  journal   = {Annual review of computer science},
  year      = {1986},
  publisher = {Annual Reviews}
}


@book{jackson1998introduction,
  title     = {Introduction to expert systems},
  author    = {Jackson, Peter},
  year      = {1998},
  publisher = {Addison-Wesley Longman Publishing Co., Inc.}
}


@article{muggleton1994inductive,
  title     = {Inductive logic programming: Theory and methods},
  author    = {Muggleton, Stephen and De Raedt, Luc},
  journal   = {The Journal of Logic Programming},
  year      = {1994},
  publisher = {Elsevier}
}

@article{nilsson1994probabilistic,
  title   = {Probabilistic logic revisited},
  author  = {Nilsson, Nils J},
  journal = {Artificial intelligence},
  volume  = {59},
  number  = {1-2},
  pages   = {39--42},
  year    = {1994}
}

@inproceedings{Pearl2000CausalityMR,
  title  = {Causality: Models, Reasoning and Inference},
  author = {J. Pearl},
  year   = {2000}
}


@article{hullermeier2019aleatoric,
  title   = {Aleatoric and epistemic uncertainty in machine learning: A tutorial introduction},
  author  = {H{\"u}llermeier, Eyke and Waegeman, Willem},
  journal = {arXiv preprint arXiv:1910.09457},
  year    = {2019}
}


@article{goldberg1991every,
  title     = {What every computer scientist should know about floating-point arithmetic},
  author    = {Goldberg, David},
  journal   = {ACM Computing Surveys (CSUR)},
  volume    = {23},
  number    = {1},
  pages     = {5--48},
  year      = {1991},
  publisher = {ACM New York, NY, USA}
}

@article{meurer2017sympy,
  title   = {SymPy: symbolic computing in Python},
  author  = {Meurer, Aaron and Smith, Christopher P. and Paprocki, Mateusz and \v{C}ert\'{i}k, Ond\v{r}ej and Kirpichev, Sergey B. and Rocklin, Matthew and Kumar, AMiT and Ivanov, Sergiu and Moore, Jason K. and Singh, Sartaj and Rathnayake, Thilina and Vig, Sean and Granger, Brian E. and Muller, Richard P. and Bonazzi, Francesco and Gupta, Harsh and Vats, Shivam and Johansson, Fredrik and Pedregosa, Fabian and Curry, Matthew J. and Terrel, Andy R. and Rou\v{c}ka, \v{S}t\v{e}p\'{a}n and Saboo, Ashutosh and Fernando, Isuru and Kulal, Sumith and Cimrman, Robert and Scopatz, Anthony},
  year    = 2017,
  month   = jan,
  volume  = 3,
  pages   = {e103},
  journal = {PeerJ Computer Science},
  issn    = {2376-5992},
  url     = {https://doi.org/10.7717/peerj-cs.103},
  doi     = {10.7717/peerj-cs.103}
}

@inproceedings{paszke2019pytorch,
  title     = {PyTorch: An Imperative Style, High-Performance Deep Learning Library},
  author    = {Paszke, Adam and Gross, Sam and Massa, Francisco and Lerer, Adam and Bradbury, James and Chanan, Gregory and Killeen, Trevor and Lin, Zeming and Gimelshein, Natalia and Antiga, Luca and Desmaison, Alban and Kopf, Andreas and Yang, Edward and DeVito, Zachary and Raison, Martin and Tejani, Alykhan and Chilamkurthy, Sasank and Steiner, Benoit and Fang, Lu and Bai, Junjie and Chintala, Soumith},
  booktitle = {Advances in Neural Information Processing Systems},
  pages     = {8024--8035},
  year      = {2019}
}



@inproceedings{azzolini:iclp21,
  author    = {Damiano Azzolini and
               Fabrizio Riguzzi},
  title     = {Syntactic Requirements for Well-defined Hybrid Probabilistic Logic
               Programs},
  booktitle = {Technical communications of ICLP 2021},
  year      = {2021}
}

@inproceedings{gordon:fose14,
  author    = {Andrew D. Gordon and
               Thomas A. Henzinger and
               Aditya V. Nori and
               Sriram K. Rajamani},
  title     = {Probabilistic programming},
  booktitle = {Proceedings of the on Future of Software Engineering, {FOSE} 2014},
  pages     = {167--181},
  publisher = {{ACM}},
  year      = {2014}
}

@book{deraedt:mc16,
  author    = {Luc {De Raedt} and
               Kristian Kersting and
               Sriraam Natarajan and
               David Poole},
  title     = {Statistical Relational Artificial Intelligence: Logic, Probability,
               and Computation},
  series    = {Synthesis Lectures on Artificial Intelligence and Machine Learning},
  publisher = {Morgan {\&} Claypool Publishers},
  year      = {2016}
}



@book{zuidberg2020atoms,
  title     = {From Atoms to Possible Worlds: Probabilistic Inference in the Discrete-Continuous Domain},
  author    = {Zuidberg Dos Martires, Pedro},
  publisher = {KU Leuven},
  year      = {2020}
}

@inproceedings{kimmig2017probabilistic,
  title     = {Probabilistic logic programs: Unifying program trace and possible world semantics},
  author    = {Kimmig, Angelika and De Raedt, Luc},
  booktitle = {Workshop on probabilistic programming semantics},
  year      = {2017}
}


@article{riguzzi2011pita,
  title     = {The PITA system: Tabling and answer subsumption for reasoning under uncertainty},
  author    = {Riguzzi, Fabrizio and Swift, Terrance},
  journal   = {Theory and Practice of Logic Programming},
  volume    = {11},
  number    = {4-5},
  pages     = {433--449},
  year      = {2011},
  publisher = {Cambridge University Press}
}
